\chapter*{Bibliography}

   
@misc{1,
        title={Veolia Groupe},
   	howpublished = {\url{https://fr.wikipedia.org/wiki/Veolia}},
    note = "Consulté le 7 juillet 2024."
}

@misc{2,
        title={REDAL},
   	howpublished = {\url{https://www.redal.ma/fr/Qui-somme-nous}},
    note = "Consulté le 7 juillet 2024"
}



@misc{3,
        title={Bocasay. Méthode scrum : bénéfices pour les développements web.},
   	howpublished = {\url{https ://www.bocasay.com/fr/methode-scrum-benefices-developpements-web/}},
    note = "Consulté le 14 juillet 2024."
}


@misc{4,
        title={Docusign Developper Website},
   	howpublished = {\url{https://developers.docusign.com/}},
    note = "Consulté le "
}


@misc{5,
        title={RESTful API's explanation},
   	howpublished = {\url{https://restfulapi.net/}},
    note = "Consulté le 20 juillet 2024"
}


@misc{6,
        title={Node SDK Docusign},
   	howpublished = {\url{https://developers.docusign.com/docs/esign-rest-api/sdks/node/}},
    note = "Consulté le 10 juillet 2024 "
}




@misc{7,
        title={JSON Web Token (JWT) Grant authentication},
   	howpublished= {\url{https://developers.docusign.com/platform/auth/jwt/}},
    note = "Consulté le 13 juillet 2024"
}




